@book{1130282268636976512,
  author    = {Lovecraft, H. P. (Howard Phillips) and Petersen, Sandy and Willis, Lynn and 中山, てい子 and 坂本, 雅之 and 大滝, 啓裕},
  title     = {クトゥルフ神話TRPG : H. P. ラヴクラフト世界のホラーロールプレイング},
  publisher = {Kadokawa},
  year      = {2014},
  series    = {ログインテーブルトークRPGシリーズ},
  url       = {https://cir.nii.ac.jp/crid/1130282268636976512}
}
